<record><leader>00000cas a2200000 a 4500</leader><controlfield tag="001">34468094</controlfield><controlfield tag="008">960327d19151924fludn ne      0    0eng c</controlfield><datafield ind1=" " ind2=" " tag="010"><subfield code="a">sn 96027228 </subfield></datafield><datafield ind1=" " ind2=" " tag="040"><subfield code="a">FUG</subfield><subfield code="b">eng</subfield><subfield code="c">FUG</subfield><subfield code="d">OCLCQ</subfield><subfield code="d">OCLCF</subfield><subfield code="d">OCLCO</subfield></datafield><datafield ind1=" " ind2=" " tag="012"><subfield code="i">9603</subfield></datafield><datafield ind1="1" ind2=" " tag="029"><subfield code="a">AU@</subfield><subfield code="b">000012365605</subfield></datafield><datafield ind1=" " ind2=" " tag="042"><subfield code="a">pcc</subfield></datafield><datafield ind1=" " ind2=" " tag="043"><subfield code="a">n-us-fl</subfield></datafield><datafield ind1="0" ind2=" " tag="130"><subfield code="a">Daily Democrat (Tallahassee, Fla. : 1915)</subfield></datafield><datafield ind1="1" ind2="4" tag="245"><subfield code="a">The daily Democrat.</subfield></datafield><datafield ind1="1" ind2="3" tag="246"><subfield code="a">Tallahassee daily Democrat</subfield></datafield><datafield ind1=" " ind2=" " tag="260"><subfield code="a">Tallahassee, Fla. :</subfield><subfield code="b">Milton A. Smith,</subfield><subfield code="c">-1924.</subfield></datafield><datafield ind1=" " ind2=" " tag="300"><subfield code="a">10 v.</subfield></datafield><datafield ind1=" " ind2=" " tag="310"><subfield code="a">Daily (except Sunday and Monday)</subfield></datafield><datafield ind1="0" ind2=" " tag="362"><subfield code="a">-v. 10, no. 312 (Sept. 24, 1924).</subfield></datafield><datafield ind1=" " ind2=" " tag="580"><subfield code="a">Weekly eds.: Weekly Democrat (Tallahassee, Fla.), 1915-&lt;1918&gt;; Weekly Democrat and Florida record.</subfield></datafield><datafield ind1=" " ind2=" " tag="588"><subfield code="a">Description based on: Vol. 1, no. 58 (Oct. 23, 1915).</subfield></datafield><datafield ind1=" " ind2="0" tag="651"><subfield code="a">Tallahassee (Fla.)</subfield><subfield code="v">Newspapers.</subfield></datafield><datafield ind1=" " ind2="0" tag="651"><subfield code="a">Leon County (Fla.)</subfield><subfield code="v">Newspapers.</subfield></datafield><datafield ind1=" " ind2="7" tag="655"><subfield code="a">Newspapers.</subfield><subfield code="2">fast</subfield><subfield code="0">(OCoLC)fst01423814</subfield></datafield><datafield ind1=" " ind2="7" tag="651"><subfield code="a">Florida</subfield><subfield code="z">Leon County.</subfield><subfield code="2">fast</subfield><subfield code="0">(OCoLC)fst01206533</subfield></datafield><datafield ind1=" " ind2="7" tag="651"><subfield code="a">Florida</subfield><subfield code="z">Tallahassee.</subfield><subfield code="2">fast</subfield><subfield code="0">(OCoLC)fst01206534</subfield></datafield><datafield ind1=" " ind2=" " tag="752"><subfield code="a">United States</subfield><subfield code="b">Florida</subfield><subfield code="c">Leon</subfield><subfield code="d">Tallahassee.</subfield></datafield><datafield ind1="1" ind2=" " tag="775"><subfield code="t">Weekly Democrat (Tallahassee, Fla.)</subfield><subfield code="w">(DLC)sn 95047420</subfield><subfield code="w">(OCoLC)33933866</subfield></datafield><datafield ind1="1" ind2=" " tag="775"><subfield code="t">Weekly Democrat and Florida record</subfield></datafield><datafield ind1="0" ind2="0" tag="780"><subfield code="t">Tallahassee daily Democrat (Tallahassee, Fla. : 1915)</subfield><subfield code="w">(DLC)sn 96027227</subfield><subfield code="w">(OCoLC)34468093</subfield></datafield><datafield ind1="0" ind2="0" tag="785"><subfield code="t">Tallahassee daily Democrat (Tallahassee, Fla. : 1924)</subfield><subfield code="w">(DLC)sn 93063687</subfield><subfield code="w">(OCoLC)29322504</subfield></datafield><datafield ind1=" " ind2=" " tag="850"><subfield code="a">FU</subfield></datafield></record>